@article{rokeke,
	author = {Kerstens, Fabio and Cervone, Angelo and Gradl, Paul},
	year = {2021},
	month = {03},
	pages = {},
	title = {End to end process evaluation for additively manufactured liquid rocket engine thrust chambers},
	volume = {182},
	journal = {Acta Astronautica},
	doi = {10.1016/j.actaastro.2021.02.034}
}

@article{tempyoung,
	author = {Dong, Pingsha and Song, Shaopin and Zhang, Jinmiao},
	year = {2014},
	month = {10},
	pages = {},
	title = {Analysis Of Residual Stress Relief Mechanisms In Post-Weld Heat Treatment},
	volume = {122},
	journal = {International Journal of Pressure Vessels and Piping},
	doi = {10.1016/j.ijpvp.2014.06.002}
}

@article{acers,
	title = {Automation of intercept method for grain size measurement: A topological skeleton approach},
	journal = {Materials and Design},
	volume = {224},
	pages = {111358},
	year = {2022},
	doi = {https://doi.org/10.1016/j.matdes.2022.111358},
	author = {Xiang Li and Linyi Cui and Jikang Li and Ying Chen and Wei Han and Sara Shonkwiler and Sara McMains}
}

@inproceedings{jumimi,
	author    = {Rahimah Abdul Hamid and Fatima Hanem Hamezah and Jeefferie Abd Razak},
	title     = {Influence of Humidity on the Tensile Strength of 3D Printed PLA Filament},
	booktitle = {Proceedings of the International Conference on Intelligent Manufacturing and Mechatronics},
	year      = {2022},
	publisher = {Springer Nature},
	location  = {Singapore},
	pages     = {497--502}
}

@article{tensileplastic,
title={ PEEK filament characteristics before and after extrusion within fused filament fabrication process},
journal={Journal of Material Science},
volume={57},
year={2022},
doi ={https://doi.org/10.1007/s10853-021-06652-0},
author={C.A. Comelli and R. Davies and H. van der Pol et al.}
}

@article{incrop,
	author = {Incropera, F.},
	year = {1985},
	month = {01},
	pages = {},
	title = {Fundamentals of Heat and Mass Transfer},
	journal = {New York: Wiley.}
}

@article{kinematic,
	author = {Schwenke, H. and Knapp, W. and Haitjema, Han and Weckenmann, Albert and Schmitt, Robert and Delbressine, Frank},
	year = {2008},
	month = {12},
	pages = {660-675},
	title = {Geometric error measurement and compensation of machines-An update},
	volume = {57},
	journal = {CIRP Annals - Manufacturing Technology},
	doi = {10.1016/j.cirp.2008.09.008}
}